@article{hodgkin1952quantitative,
  title     = {A quantitative description of membrane current and its application to conduction and excitation in nerve},
  author    = {Hodgkin, Alan L and Huxley, Andrew F},
  journal   = {The Journal of physiology},
  volume    = {117},
  number    = {4},
  pages     = {500},
  year      = {1952},
  publisher = {Wiley-Blackwell}
}

 @misc{CableTheory, url={https://en.wikipedia.org/wiki/Cable_theory}} 

 @article{cheever1994habituation,
  title={Habituation of neurosecretory responses to extracellular ATP in PC12 cells},
  author={Cheever, L and Koshland, DE},
  journal={Journal of Neuroscience},
  volume={14},
  number={8},
  pages={4831--4838},
  year={1994},
  publisher={Soc Neuroscience}
}